%cloud
https://cloud.acrobat.com/folder/75b22a92-59ab-464c-8f5d-08af8127115e
%coding
https://pyspeckit.readthedocs.io/en/latest/
http://www.astrobetter.com/blog/2009/10/02/spectral-line-analysis-tools/
%Atomic/molecular lines
https://astroquery.readthedocs.io/en/latest/nist/nist.html
@entry{spectrastates,
      title  = "ARCHIVES OF ASTRONOMICAL SPECTRAL OBSERVATIONS AND ATOMIC/MOLECULAR DATABASES FOR THEIR ANALYSIS",
      author = "",
      url    = "https://www.degruyter.com/downloadpdf/j/astro.2015.24.issue-4/astro-2017-0249/astro-2017-0249.pdf",
      year   = ""
    }